
@ARTICLE{GnutellaNet2002,
  author = {I. Foster and M. Ripeanu and A. Iamnitchi},
  journal = {IEEE Internet Computing},
  title = {Mapping the Gnutella Network},
  year = {2002},
  volume = {6},
  number = {},
  pages = {50-57},
  keywords={},
  doi = {10.1109/4236.978369},
  url = {doi.ieeecomputersociety.org/10.1109/4236.978369},
  ISSN = {1089-7801},
  month={01}
}